<record><leader>00000cas a2200000 a 4500</leader><controlfield tag="001">10929345</controlfield><controlfield tag="008">840709d19061935paudr ne      0   a0ita c</controlfield><datafield ind1=" " ind2=" " tag="010"><subfield code="a">sn 84024535 </subfield></datafield><datafield ind1=" " ind2=" " tag="040"><subfield code="a">NPV</subfield><subfield code="b">eng</subfield><subfield code="c">NPV</subfield><subfield code="d">NPH</subfield><subfield code="d">NYS</subfield><subfield code="d">OCLCQ</subfield><subfield code="d">OCLCF</subfield><subfield code="d">OCLCO</subfield></datafield><datafield ind1="1" ind2=" " tag="029"><subfield code="a">AU@</subfield><subfield code="b">000023761782</subfield></datafield><datafield ind1=" " ind2=" " tag="042"><subfield code="a">pcc</subfield></datafield><datafield ind1=" " ind2=" " tag="043"><subfield code="a">n-us-pa</subfield></datafield><datafield ind1="0" ind2=" " tag="130"><subfield code="a">Opinione (Philadelphia, Pa.)</subfield></datafield><datafield ind1="1" ind2="2" tag="245"><subfield code="a">L'Opinione.</subfield></datafield><datafield ind1=" " ind2=" " tag="260"><subfield code="a">Philadelphia, Pa. :</subfield><subfield code="b">L'Opinione Italian Pub. Co. of Delaware,</subfield><subfield code="c">-1935.</subfield></datafield><datafield ind1=" " ind2=" " tag="300"><subfield code="a">v. :</subfield><subfield code="b">ill.</subfield></datafield><datafield ind1=" " ind2=" " tag="310"><subfield code="a">Daily</subfield></datafield><datafield ind1="0" ind2=" " tag="362"><subfield code="a">Anno 1, no. 1 (6 ja. 1906)-Anno 30, no. 151 (31 magg. 1935).</subfield></datafield><datafield ind1=" " ind2=" " tag="500"><subfield code="a">"Giornale quotidiano del mattino."</subfield></datafield><datafield ind1="4" ind2=" " tag="510"><subfield code="a">Gregory, W. American newspapers, 1821-1936</subfield><subfield code="c">p. 615</subfield></datafield><datafield ind1="8" ind2=" " tag="521"><subfield code="a">"The daily that reaches the greatest part of the Italians in Philadelphia and throughout the State of Pennsylvania."</subfield></datafield><datafield ind1=" " ind2=" " tag="580"><subfield code="a">Issued also in Chicago, Cleveland, Connecticut, and Pittsburgh editions.</subfield></datafield><datafield ind1=" " ind2=" " tag="588"><subfield code="a">Description based on: Anno 22, no. 182 (1 luglio 1927).</subfield></datafield><datafield ind1=" " ind2="0" tag="650"><subfield code="a">Italians</subfield><subfield code="z">Pennsylvania</subfield><subfield code="z">Philadelphia</subfield><subfield code="v">Newspapers.</subfield></datafield><datafield ind1=" " ind2="0" tag="650"><subfield code="a">Italian Americans</subfield><subfield code="z">United States</subfield><subfield code="v">Newspapers.</subfield></datafield><datafield ind1=" " ind2="0" tag="651"><subfield code="a">Philadelphia (Pa.)</subfield><subfield code="v">Newspapers.</subfield></datafield><datafield ind1=" " ind2="0" tag="651"><subfield code="a">Philadelphia County (Pa.)</subfield><subfield code="v">Newspapers.</subfield></datafield><datafield ind1=" " ind2="7" tag="655"><subfield code="a">Newspapers.</subfield><subfield code="2">fast</subfield><subfield code="0">(OCoLC)fst01423814</subfield></datafield><datafield ind1=" " ind2="7" tag="650"><subfield code="a">Italian Americans.</subfield><subfield code="2">fast</subfield><subfield code="0">(OCoLC)fst00980419</subfield></datafield><datafield ind1=" " ind2="7" tag="650"><subfield code="a">Italians.</subfield><subfield code="2">fast</subfield><subfield code="0">(OCoLC)fst00980750</subfield></datafield><datafield ind1=" " ind2="7" tag="651"><subfield code="a">Pennsylvania</subfield><subfield code="z">Philadelphia.</subfield><subfield code="2">fast</subfield><subfield code="0">(OCoLC)fst01204170</subfield></datafield><datafield ind1=" " ind2="7" tag="651"><subfield code="a">Pennsylvania</subfield><subfield code="z">Philadelphia County.</subfield><subfield code="2">fast</subfield><subfield code="0">(OCoLC)fst01217128</subfield></datafield><datafield ind1=" " ind2="7" tag="651"><subfield code="a">United States.</subfield><subfield code="2">fast</subfield><subfield code="0">(OCoLC)fst01204155</subfield></datafield><datafield ind1=" " ind2=" " tag="752"><subfield code="a">United States</subfield><subfield code="b">Pennsylvania</subfield><subfield code="c">Philadelphia</subfield><subfield code="d">Philadelphia.</subfield></datafield><datafield ind1="1" ind2=" " tag="775"><subfield code="t">Opinione (Connecticut ed.)</subfield></datafield><datafield ind1="1" ind2=" " tag="775"><subfield code="t">Opinione (Pittsburgh ed.)</subfield></datafield><datafield ind1="1" ind2=" " tag="775"><subfield code="t">Opinione (Chicago ed.)</subfield></datafield><datafield ind1="1" ind2=" " tag="775"><subfield code="t">Opinione (Cleveland ed.)</subfield></datafield><datafield ind1="0" ind2="7" tag="785"><subfield code="t">Progresso italo-americano</subfield><subfield code="w">(DLC)sn 83030300</subfield><subfield code="w">(OCoLC)9457492</subfield></datafield><datafield ind1="0" ind2="7" tag="785"><subfield code="t">Opinione, Il progresso italo-americano</subfield></datafield></record>